@article{Taheri2024AcceleratingFractionalPINNs,
  title={Accelerating Fractional PINNs using Operational Matrices of Derivative},
  author={Taheri, Tayebeh and Afzal Aghaei, Alireza and Parand, Kourosh},
  journal={arXiv preprint arXiv:2401.14081},
  year={2024},
  url={https://arxiv.org/abs/2401.14081}
}

@article{Gong2015ComputationalChallengeFDE,
  title={Computational Challenge of Fractional Differential Equations and the Potential Solutions: A Survey},
  author={Gong, Chunye and Bao, Weimin and Tang, Guojian and Jiang, Yuewen and Liu, Jie},
  journal={Mathematical Problems in Engineering},
  year={2015},
  volume={2015},
  article-id={258265},
  doi={10.1155/2015/258265}
}

@article{Adams2019DifferintPythonPackage,
  title={differint: A Python Package for Numerical Fractional Calculus},
  author={Adams, Matthew},
  journal={arXiv preprint arXiv:1912.05303},
  year={2019},
  url={https://arxiv.org/abs/1912.05303}
}

@article{Zhou2025FractionalOrderJacobianANN,
  title={Fractional-order Jacobian Matrix Differentiation and Its Application in Artificial Neural Networks},
  author={Zhou, Xiaojun and Zhao, Chunna and Huang, Yaqun and Zhou, Chengli and Ye, Junjie and Xiang, Kemeng},
  journal={arXiv preprint arXiv:2506.07408},
  year={2025},
  url={https://arxiv.org/abs/2506.07408}
}

@article{Hafez2025ReviewFractionalDifferentiation,
  title={Review on Recent Advances in Fractional Differentiation and its Applications},
  author={Hafez, Mohamed and Alshowaikh, Faisal and Voon, Betty Wan Niu and Alkhazaleh, Shawkat and Al-Faiz, Hussein},
  journal={Progress in Fractional Differentiation and Applications},
  volume={11},
  number={2},
  pages={245--261},
  year={2025},
  doi={10.18576/pfda/110203}
}

@article{schulman2015gradient,
  title={Gradient estimation using stochastic computation graphs},
  author={Schulman, John and Heess, Nicolas and Weber, Theophane and Abbeel, Pieter},
  journal={arXiv preprint arXiv:1506.05254},
  year={2015},
  note={arXiv:1506.05254v3 [cs.LG]}
}

@article{qi2022fractional,
  title={Fractional neural sampling as a theory of spatiotemporal probabilistic computations in neural circuits},
  author={Qi, Yang and Gong, Pulin},
  journal={Nature Communications},
  volume={13},
  number={1},
  pages={4572},
  year={2022},
  publisher={Nature Publishing Group},
  doi={10.1038/s41467-022-32279-z}
}