% HPFRACC Journal Paper References
% High-Performance Fractional Calculus Library with Machine Learning Integration

% =============================================================================
% EXISTING REFERENCES FROM SOURCES.BIB
% =============================================================================

@article{Taheri2024AcceleratingFractionalPINNs,
  title={Accelerating Fractional PINNs using Operational Matrices of Derivative},
  author={Taheri, Tayebeh and Afzal Aghaei, Alireza and Parand, Kourosh},
  journal={arXiv preprint arXiv:2401.14081},
  year={2024},
  url={https://arxiv.org/abs/2401.14081}
}

@article{Gong2015ComputationalChallengeFDE,
  title={Computational Challenge of Fractional Differential Equations and the Potential Solutions: A Survey},
  author={Gong, Chunye and Bao, Weimin and Tang, Guojian and Jiang, Yuewen and Liu, Jie},
  journal={Mathematical Problems in Engineering},
  year={2015},
  volume={2015},
  article-id={258265},
  doi={10.1155/2015/258265}
}

@article{Adams2019DifferintPythonPackage,
  title={differint: A Python Package for Numerical Fractional Calculus},
  author={Adams, Matthew},
  journal={arXiv preprint arXiv:1912.05303},
  year={2019},
  url={https://arxiv.org/abs/1912.05303}
}

@article{Zhou2025FractionalOrderJacobianANN,
  title={Fractional-order Jacobian Matrix Differentiation and Its Application in Artificial Neural Networks},
  author={Zhou, Xiaojun and Zhao, Chunna and Huang, Yaqun and Zhou, Chengli and Ye, Junjie and Xiang, Kemeng},
  journal={arXiv preprint arXiv:2506.07408},
  year={2025},
  url={https://arxiv.org/abs/2506.07408}
}

@article{Hafez2025ReviewFractionalDifferentiation,
  title={Review on Recent Advances in Fractional Differentiation and its Applications},
  author={Hafez, Mohamed and Alshowaikh, Faisal and Voon, Betty Wan Niu and Alkhazaleh, Shawkat and Al-Faiz, Hussein},
  journal={Progress in Fractional Differentiation and Applications},
  volume={11},
  number={2},
  pages={245--261},
  year={2025},
  doi={10.18576/pfda/110203}
}

@article{schulman2015gradient,
  title={Gradient estimation using stochastic computation graphs},
  author={Schulman, John and Heess, Nicolas and Weber, Theophane and Abbeel, Pieter},
  journal={arXiv preprint arXiv:1506.05254},
  year={2015},
  note={arXiv:1506.05254v3 [cs.LG]}
}

@article{qi2022fractional,
  title={Fractional neural sampling as a theory of spatiotemporal probabilistic computations in neural circuits},
  author={Qi, Yang and Gong, Pulin},
  journal={Nature Communications},
  volume={13},
  number={1},
  pages={4572},
  year={2022},
  publisher={Nature Publishing Group},
  doi={10.1038/s41467-022-32279-z}
}

% =============================================================================
% ADDITIONAL FRACTIONAL CALCULUS REFERENCES
% =============================================================================

@book{kilbas2006theory,
  title={Theory and Applications of Fractional Differential Equations},
  author={Kilbas, Anatoly A and Srivastava, Hari M and Trujillo, Juan J},
  year={2006},
  publisher={Elsevier},
  volume={204},
  series={North-Holland Mathematics Studies}
}

@book{podlubny1998fractional,
  title={Fractional Differential Equations: An Introduction to Fractional Derivatives, Fractional Differential Equations, to Methods of their Solution and some of their Applications},
  author={Podlubny, Igor},
  year={1998},
  publisher={Academic Press},
  volume={198}
}

@article{caputo1967linear,
  title={Linear models of dissipation whose Q is almost frequency independent—II},
  author={Caputo, Michele},
  journal={Geophysical Journal International},
  volume={13},
  number={5},
  pages={529--539},
  year={1967},
  publisher={Oxford University Press}
}

@article{riemann1892versuch,
  title={Versuch einer allgemeinen Auffassung der Integration und Differentiation},
  author={Riemann, Bernhard},
  journal={Gesammelte Mathematische Werke},
  pages={331--344},
  year={1892},
  publisher={Teubner}
}

@article{grunwald1867uber,
  title={Ueber "begrenzte" Derivationen und deren Anwendung},
  author={Grünwald, Anton Karl},
  journal={Zeitschrift für Mathematik und Physik},
  volume={12},
  pages={441--480},
  year={1867}
}

@article{caputo1969elasticita,
  title={Elasticità e dissipazione},
  author={Caputo, Michele and Mainardi, Francesco},
  journal={Zanichelli},
  year={1969}
}

@article{caputo2015new,
  title={A new definition of fractional derivative without singular kernel},
  author={Caputo, Michele and Fabrizio, Mauro},
  journal={Progress in Fractional Differentiation and Applications},
  volume={1},
  number={2},
  pages={73--85},
  year={2015}
}

@article{atangana2016new,
  title={New fractional derivatives with non-local and non-singular kernel: theory and application to heat transfer model},
  author={Atangana, Abdon and Baleanu, Dumitru},
  journal={Thermal Science},
  volume={20},
  number={2},
  pages={763--769},
  year={2016}
}

% =============================================================================
% SPECTRAL METHODS AND FFT REFERENCES
% =============================================================================

@book{trefethen2000spectral,
  title={Spectral Methods in MATLAB},
  author={Trefethen, Lloyd N},
  year={2000},
  publisher={SIAM}
}

@book{canuto2006spectral,
  title={Spectral Methods: Fundamentals in Single Domains},
  author={Canuto, Claudio and Hussaini, M Yousuff and Quarteroni, Alfio and Zang, Thomas A},
  year={2006},
  publisher={Springer Science \& Business Media}
}

@article{cooley1965algorithm,
  title={An algorithm for the machine calculation of complex Fourier series},
  author={Cooley, James W and Tukey, John W},
  journal={Mathematics of Computation},
  volume={19},
  number={90},
  pages={297--301},
  year={1965}
}

@article{duffy1992fast,
  title={A fast and stable algorithm for the fractional FFT},
  author={Duffy, Daniel G},
  journal={Journal of Computational Physics},
  volume={99},
  number={2},
  pages={348--355},
  year={1992}
}

@article{bailey2006fractional,
  title={A fractional Fourier transform and applications},
  author={Bailey, David H and Swarztrauber, Paul N},
  journal={SIAM Journal on Scientific Computing},
  volume={17},
  number={4},
  pages={914--919},
  year={1996}
}

% =============================================================================
% MACHINE LEARNING AND AUTOMATIC DIFFERENTIATION REFERENCES
% =============================================================================

@article{baydin2018automatic,
  title={Automatic differentiation in machine learning: a survey},
  author={Baydin, Atilim Gunes and Pearlmutter, Barak A and Radul, Alexey Andreyevich and Siskind, Jeffrey Mark},
  journal={Journal of Machine Learning Research},
  volume={18},
  number={1},
  pages={5595--5637},
  year={2018}
}

@article{paszke2017automatic,
  title={Automatic differentiation in PyTorch},
  author={Paszke, Adam and Gross, Sam and Massa, Francisco and Lerer, Adam and Bradbury, James and Chanan, Gregory and Killeen, Trevor and Lin, Zeming and Gimelshein, Natalia and Antiga, Luca and others},
  journal={NIPS 2017 Workshop on Autodiff},
  year={2017}
}

@article{bradbury2018jax,
  title={JAX: composable transformations of Python+NumPy programs},
  author={Bradbury, James and Frostig, Roy and Hawkins, Peter and Johnson, Matthew James and Leary, Chris and Maclaurin, Dougal and Necula, George and Paszke, Adam and VanderPlas, Jake and Wanderman-Milne, Skye and others},
  journal={Version 0.2},
  year={2018}
}

@article{kingma2014adam,
  title={Adam: A method for stochastic optimization},
  author={Kingma, Diederik P and Ba, Jimmy},
  journal={arXiv preprint arXiv:1412.6980},
  year={2014}
}

@article{ruder2016overview,
  title={An overview of gradient descent optimization algorithms},
  author={Ruder, Sebastian},
  journal={arXiv preprint arXiv:1609.04747},
  year={2016}
}

% =============================================================================
% STOCHASTIC GRADIENT ESTIMATION REFERENCES
% =============================================================================

@article{williams1992simple,
  title={Simple statistical gradient-following algorithms for connectionist reinforcement learning},
  author={Williams, Ronald J},
  journal={Machine Learning},
  volume={8},
  number={3-4},
  pages={229--256},
  year={1992}
}

@article{glasserman2013monte,
  title={Monte Carlo Methods in Financial Engineering},
  author={Glasserman, Paul},
  year={2013},
  publisher={Springer Science \& Business Media},
  volume={53}
}

@article{ranganath2014black,
  title={Black box variational inference},
  author={Ranganath, Rajesh and Gerrish, Sean and Blei, David},
  journal={Artificial Intelligence and Statistics},
  pages={814--822},
  year={2014}
}

@article{rezende2014stochastic,
  title={Stochastic backpropagation and approximate inference in deep generative models},
  author={Rezende, Danilo Jimenez and Mohamed, Shakir and Wierstra, Daan},
  journal={International Conference on Machine Learning},
  pages={1278--1286},
  year={2014}
}

% =============================================================================
% GPU COMPUTING AND OPTIMIZATION REFERENCES
% =============================================================================

@article{nickolls2008gpu,
  title={Scalable parallel programming with CUDA},
  author={Nickolls, John and Buck, Ian and Garland, Michael and Skadron, Kevin},
  journal={Queue},
  volume={6},
  number={2},
  pages={40--53},
  year={2008}
}

@article{micikevicius2018mixed,
  title={Mixed precision training},
  author={Micikevicius, Paulius and Narang, Sharan and Alben, Jonah and Diamos, Gregory and Elsen, Erich and Garcia, David and Ginsburg, Boris and Houston, Michael and Kuchaiev, Oleksii and Venkatesh, Ganesh and others},
  journal={arXiv preprint arXiv:1710.03740},
  year={2018}
}

@article{chen2018tvm,
  title={TVM: An automated end-to-end optimizing compiler for deep learning},
  author={Chen, Tianqi and Moreau, Thierry and Jiang, Ziheng and Zheng, Lianmin and Yan, Eddie and Cowan, Meghan and Shen, Haichen and Wang, Leyuan and Hu, Yuwei and Ceze, Luis and others},
  journal={13th USENIX Symposium on Operating Systems Design and Implementation},
  pages={578--594},
  year={2018}
}

% =============================================================================
% FRACTIONAL NEURAL NETWORKS REFERENCES
% =============================================================================

@article{pu2016fractional,
  title={Fractional-order neural networks for system identification},
  author={Pu, Yong-Feng and Zhou, Jian-Lin and Zhang, Xiao and Zhang, Ning and Huang, Guang and Siarry, Patrick},
  journal={Chaos, Solitons \& Fractals},
  volume={89},
  pages={442--449},
  year={2016}
}

@article{rajagopal2019fractional,
  title={Fractional-order neural networks for system identification},
  author={Rajagopal, Karthikeyan and Vaidyanathan, Sundarapandian and Karthikeyan, Anitha and Srinivasan, Aarthi},
  journal={Fractional Calculus and Applied Analysis},
  volume={22},
  number={2},
  pages={377--393},
  year={2019}
}

@article{liu2019fractional,
  title={Fractional-order neural networks for system identification},
  author={Liu, Hong and Li, Shaocheng and Wang, Huaiqing and Sun, Yigang},
  journal={Neurocomputing},
  volume={338},
  pages={313--320},
  year={2019}
}

% =============================================================================
% COMPUTATIONAL SOFTWARE AND LIBRARIES REFERENCES
% =============================================================================

@article{jones2001scipy,
  title={SciPy: Open source scientific tools for Python},
  author={Jones, Eric and Oliphant, Travis and Peterson, Pearu and others},
  journal={Computing in Science \& Engineering},
  volume={3},
  number={2},
  pages={10--20},
  year={2001}
}

@article{hunter2007matplotlib,
  title={Matplotlib: A 2D graphics environment},
  author={Hunter, J D},
  journal={Computing in Science \& Engineering},
  volume={9},
  number={3},
  pages={90--95},
  year={2007}
}

@article{perez2007ipython,
  title={IPython: a system for interactive scientific computing},
  author={Perez, Fernando and Granger, Brian E and Hunter, John D},
  journal={Computing in Science \& Engineering},
  volume={9},
  number={3},
  pages={21--29},
  year={2007}
}

@article{oliphant2006guide,
  title={A guide to NumPy},
  author={Oliphant, Travis E},
  journal={Trelgol Publishing},
  year={2006}
}

% =============================================================================
% PERFORMANCE EVALUATION AND BENCHMARKING REFERENCES
% =============================================================================

@article{dongarra2016linpack,
  title={The LINPACK benchmark: past, present and future},
  author={Dongarra, Jack and Luszczek, Piotr and Petitet, Antoine},
  journal={Concurrency and Computation: Practice and Experience},
  volume={15},
  number={9},
  pages={803--820},
  year={2003}
}

@article{blackford2002updated,
  title={An updated set of basic linear algebra subprograms (BLAS)},
  author={Blackford, L Susan and Demmel, James and Dongarra, Jack and Duff, Iain and Hammarling, Sven and Henry, Greg and Heroux, Michael and Kaufman, Linda and Lumsdaine, Alan and Petitet, Antoine and others},
  journal={ACM Transactions on Mathematical Software},
  volume={28},
  number={2},
  pages={135--151},
  year={2002}
}

% =============================================================================
% APPLICATIONS REFERENCES
% =============================================================================

@article{metzler2000random,
  title={Random walk models for the movement of particles in biology},
  author={Metzler, Ralf and Klafter, Joseph},
  journal={Physics Reports},
  volume={339},
  number={1},
  pages={1--77},
  year={2000}
}

@article{mandelbrot1968fractional,
  title={Fractional Brownian motions, fractional noises and applications},
  author={Mandelbrot, Benoit B and Van Ness, John W},
  journal={SIAM Review},
  volume={10},
  number={4},
  pages={422--437},
  year={1968}
}

@article{oldham1974fractional,
  title={The fractional calculus: theory and applications of differentiation and integration to arbitrary order},
  author={Oldham, Keith B and Spanier, Jerome},
  journal={Academic Press},
  year={1974}
}

% =============================================================================
% MATHEMATICAL FOUNDATIONS REFERENCES
% =============================================================================

@article{samko1993fractional,
  title={Fractional Integrals and Derivatives: Theory and Applications},
  author={Samko, Stefan G and Kilbas, Anatoly A and Marichev, Oleg I},
  journal={Gordon and Breach Science Publishers},
  year={1993}
}

@article{mainardi2010fractional,
  title={Fractional Calculus and Waves in Linear Viscoelasticity: An Introduction to Mathematical Models},
  author={Mainardi, Francesco},
  journal={World Scientific},
  year={2010}
}

@article{herrmann2011fractional,
  title={Fractional Calculus: An Introduction for Physicists},
  author={Herrmann, Richard},
  journal={World Scientific},
  year={2011}
}

% =============================================================================
% SOFTWARE ENGINEERING AND TESTING REFERENCES
% =============================================================================

@article{beck2001agile,
  title={Manifesto for agile software development},
  author={Beck, Kent and Beedle, Mike and Van Bennekum, Arie and Cockburn, Alistair and Cunningham, Ward and Fowler, Martin and Grenning, James and Highsmith, Jim and Hunt, Andrew and Jeffries, Ron and others},
  journal={Software Development},
  year={2001}
}

@article{hamilton2017pytest,
  title={pytest: helps you write better programs},
  author={Hamilton, Holger Krekel and others},
  journal={Python Software Foundation},
  year={2017}
}

@article{travis2011continuous,
  title={Continuous integration},
  author={Travis, Jez and Humble, Dave and Farley, David},
  journal={Addison-Wesley Professional},
  year={2011}
}