% Anomalous Diffusion
@article{santos2019,
  title={Analytic approaches of the anomalous diffusion: a review},
  author={dos Santos, M. A. F.},
  year={2019},
  journal={arXiv preprint arXiv:1905.02568},
  url={https://arxiv.org/pdf/1905.02568.pdf}
}
@article{metzler2000,
  title={The random walk's guide to anomalous diffusion: a fractional dynamics approach},
  author={Metzler, R. and Klafter, J.},
  year={2000},
  journal={Physics Reports},
  volume={339},
  number={1},
  pages={1--77},
  publisher={Elsevier}
}
@article{richardson1928,
  title={Atmospheric diffusion shown on a distance-neighbour graph},
  author={Richardson, L. F.},
  year={1928},
  journal={Proceedings of the Royal Society of London},
  volume={110},
  number={756},
  pages={709--737}
}
@article{barkai2000,
  title={From continuous time random walks to the fractional Fokker-Planck equation},
  author={Barkai, E. and Metzler, R. and Klafter, J.},
  year={2000},
  journal={Physical Review E},
  volume={61},
  number={1},
  pages={132--138}
}
@article{malacarne2025,
  title={Adsorption–Desorption at Anomalous Diffusion: Fractional Calculus Approach},
  author={Malacarne, L. C.},
  year={2025},
  journal={Fractal and Fractional},
  volume={9},
  number={7},
  pages={408}
}

% Time Space Fractional Diffusion
@article{metzler2004,
  title={The restaurant at the end of the random walk: recent developments in the description of anomalous transport by fractional dynamics},
  author={Metzler, R. and Klafter, J.},
  year={2004},
  journal={Journal of Physics A: Mathematical and General},
  volume={37},
  number={31},
  pages={R161--R208}
}
@article{meerschaert2011,
  title={Space-time fractional diffusion on bounded domains},
  author={Meerschaert, M. M. and Sikorskii, A.},
  year={2011},
  journal={arXiv preprint arXiv:1109.2881}
}
@book{podlubny1999,
  title={Fractional Differential Equations},
  author={Podlubny, I.},
  year={1999},
  publisher={Academic Press},
  address={San Diego}
}
@article{diethelm2017,
  title={Numerical Methods for Fractional Diffusion},
  author={Diethelm, K.},
  year={2017},
  journal={arXiv preprint arXiv:1707.01566}
}
@article{yang2023,
  title={Fractional diffusion model generalised by the distributed-order operator involving variable diffusion coefficients},
  author={Yang, Z. and Liu, F.},
  year={2023},
  journal={The ANZIAM Journal},
  volume={65},
  number={2},
  pages={123--145}
}

% Fractional Fokker Planck
@article{metzler1999,
  title={Anomalous Diffusion and Relaxation Close to Thermal Equilibrium: A Fractional Fokker-Planck Equation Approach},
  author={Metzler, R. and Barkai, E. and Klafter, J.},
  year={1999},
  journal={Physical Review Letters},
  volume={82},
  number={18},
  pages={3563--3567}
}
@article{liu2007,
  title={A Novel High Order Space-Time Spectral Method for the Time Fractional Fokker-Planck Equation},
  author={Liu, W. and Vong, S. W. and Chen, H.},
  year={2015},
  journal={SIAM Journal on Scientific Computing},
  volume={37},
  number={2},
  pages={A701--A724}
}
@article{zhang2021,
  title={Numerical Solution of Two Dimensional Time-Space Fractional Fokker Planck Equation With Variable Coefficients},
  author={Zhang, H. and Liu, F. and Phanikumar, M. S. and Meerschaert, M. M.},
  year={2021},
  journal={Mathematics},
  volume={9},
  number={11},
  pages={1260}
}
@article{magdziarz2015,
  title={Stochastic Solution of Fractional Fokker-Planck Equations with Space-Time-Dependent Coefficients},
  author={Magdziarz, M.},
  year={2015},
  journal={arXiv preprint arXiv:1510.02113}
}
@article{huang2010,
  title={Stability and Convergence of an Effective Numerical Method for the Time-Space Fractional Fokker-Planck Equation with a Nonlinear Source Term},
  author={Huang, F. and Liu, F.},
  year={2010},
  journal={Abstract and Applied Analysis},
  volume={2010}
}

% Fractional State Space
@article{xie2024,
  title={Fractional-order state space reconstruction: a new frontier in multivariate complex time series},
  author={Xie, J. and Xu, G. and Chen, X. and Zhang, X. and Chen, R. and Yang, Z. and Fang, C. and Tian, P. and Wu, Q. and Zhang, S.},
  year={2024},
  journal={Scientific Reports},
  volume={14},
  pages={18103}
}
@article{kaczorek2019,
  title={Parallel Implementation of Modeling of Fractional-Order State-Space Systems Using the Fixed-Step Euler Method},
  author={Kaczorek, T.},
  year={2019},
  journal={Entropy},
  volume={21},
  number={10},
  pages={931}
}
@article{busłowicz2021,
  title={Accuracy analysis of the fractional order, positive, state space model of heat transfer process},
  author={Busłowicz, M.},
  year={2021},
  journal={IEEE Transactions on Circuits and Systems I}
}
@article{chen2023,
  title={FPGA Implementation of Non-Commensurate Fractional-Order State-Space Models},
  author={Chen, L. and António, J. K. and Machado, J. T.},
  year={2023},
  journal={IEEE Transactions on Industrial Electronics}
}
@article{matignon1996,
  title={Stability results for fractional differential equations with applications to control processing},
  author={Matignon, D.},
  year={1996},
  volume={2},
  pages={963--968},
  booktitle={Computational engineering in systems applications}
}

% Stability Fractional Systems
@book{matignon1996_stability,
  title={Stability results for fractional differential equations with applications to control processing},
  author={Matignon, D.},
  year={1996},
  volume={2},
  pages={963--968},
  publisher={IMACS, IEEE-SMC},
  booktitle={Computational Engineering in Systems Applications}
}
@article{sabatier2020,
  title={Stability conditions for fractional discrete-time state-space systems with delays},
  author={Sabatier, J. and Farges, C.},
  year={2019},
  journal={IEEE Transactions on Automatic Control}
}
@book{petras2011,
  title={Fractional-Order Nonlinear Systems: Modeling, Analysis and Simulation},
  author={Petráš, I.},
  year={2011},
  publisher={Springer}
}
@book{monje2010,
  title={Fractional-order Systems and Controls: Fundamentals and Applications},
  author={Monje, C. A. and Chen, Y. and Vinagre, B. M. and Xue, D. and Feliu-Batlle, V.},
  year={2010},
  publisher={Springer Science \& Business Media}
}
@article{aguila2013,
  title={Adaptive Sliding Mode Control of a Novel Class of Fractional Chaotic Systems},
  author={Aguila-Camacho, N. and Duarte-Mermoud, M. A. and Gallegos, J. A.},
  year={2013},
  journal={Abstract and Applied Analysis},
  volume={2013}
}

