% Fractional State Space Models
@article{xie2024,
  title={Fractional-order state space reconstruction: a new frontier in multivariate complex time series},
  author={Xie, J. and Xu, G. and Chen, X. and Zhang, X. and Chen, R. and Yang, Z. and Fang, C. and Tian, P. and Wu, Q. and Zhang, S.},
  year={2024},
  journal={Scientific Reports},
  volume={14},
  pages={18103},
  doi={10.1038/s41598-024-68693-0},
  url={https://www.nature.com/articles/s41598-024-68693-0}
}
@article{chen2023,
  title={FPGA Implementation of Non-Commensurate Fractional-Order State-Space Models},
  author={Chen, L. and António, J. K. and Machado, J. T.},
  year={2023},
  journal={IEEE Transactions on Industrial Electronics},
  doi={10.1109/TIE.2023.3290247}
}
@article{wang2023,
  title={Parameter estimation of fractional‐order Hammerstein state space system based on the extended Kalman filter},
  author={Wang, Y. and Liu, J. and Wang, X.},
  year={2023},
  journal={International Journal of Adaptive Control and Signal Processing},
  doi={10.1002/acs.3602}
}
@article{buslowicz2023,
  title={The practical stability of the discrete, fractional order, state space model of the heat transfer process},
  author={Busłowicz, M.},
  year={2023},
  journal={Bulletin of the Polish Academy of Sciences: Technical Sciences},
  volume={71},
  number={4}
}
@article{zhang2025,
  title={Joint State and Parameter Estimation for the Fractional‐Order Wiener State Space System Based on the Kalman Filtering},
  author={Zhang, H. and Liu, Y. and Wang, C.},
  year={2025},
  journal={International Journal of Adaptive Control and Signal Processing},
  doi={10.1002/acs.4016}
}

% Long-Range Dependence in EEG Signals
@article{becker2018,
  title={Alpha Oscillations Reduce Temporal Long-Range Dependence in Spontaneous Human Brain Activity},
  author={Becker, R. and Knock, S. and Ritter, P. and Jirsa, V.},
  year={2018},
  journal={Journal of Neuroscience},
  volume={38},
  number={4},
  pages={755--764},
  doi={10.1523/JNEUROSCI.0831-17.2017}
}
@article{allegrini2010,
  title={Fractal Complexity in Spontaneous EEG Metastable-State Transitions: New Vistas on Integrated Neural Dynamics},
  author={Allegrini, P. and Menicucci, D. and Bedini, R. and Fronzoni, L. and Gemignani, A. and Grigolini, P. and West, B. J. and Paradisi, P.},
  year={2010},
  journal={Frontiers in Physiology},
  volume={1},
  pages={128},
  doi={10.3389/fphys.2010.00128}
}
@article{linkenkaer2001,
  title={Long-range temporal correlations and scaling behavior in human brain oscillations},
  author={Linkenkaer-Hansen, K. and Nikouline, V. V. and Palva, J. M. and Ilmoniemi, R. J.},
  year={2001},
  journal={Journal of Neuroscience},
  volume={21},
  number={4},
  pages={1370--1377}
}
@article{he2010,
  title={Scale-Free and Multifractal Time Dynamics of fMRI Signals during Rest and Task},
  author={He, B. J.},
  year={2010},
  journal={Frontiers in Physiology},
  volume={1},
  pages={186},
  doi={10.3389/fphys.2010.00186}
}
@article{van2013,
  title={The suppression of scale-free fMRI brain dynamics across three different sources of effort: aging, task novelty and task difficulty},
  author={Vakorin, V. A. and Lippé, S. and McIntosh, A. R.},
  year={2013},
  journal={Scientific Reports},
  volume={3},
  pages={1883},
  doi={10.1038/srep01883}
}

% Fractional Methods in EEG Analysis
@article{ramirez2023,
  title={Spatio-Temporal Fractal Dimension Analysis from Resting State EEG Signals in Parkinson's Disease},
  author={Ramirez-Arellano, A. and Bory-Reyes, J. and Simón-Martínez, E.},
  year={2023},
  journal={Entropy},
  volume={25},
  number={7},
  pages={1017},
  doi={10.3390/e25071017}
}
@article{movahed2006,
  title={Fractal analysis of human gait rhythm in neurodegenerative diseases: differences between Parkinson's disease and Huntington's disease},
  author={Movahed, M. S. and Jafari, G. R. and Ghasemi, F. and Rahvar, S. and Tabar, M. R. R.},
  year={2006},
  journal={Fluctuation and Noise Letters},
  volume={6},
  number={2},
  pages={L169--L177}
}
@article{hao2023,
  title={Quantification of Fractional Dynamical Stability of EEG Signals as a Bio-Marker for Cognitive Motor Control},
  author={Hao, D. and Yang, L. and Chen, F. and Cheng, C. and Song, Y.},
  year={2022},
  journal={Frontiers in Computational Neuroscience},
  volume={15},
  pages={787747},
  doi={10.3389/fncom.2021.787747}
}
@article{lopez2016,
  title={Graph fractional-order total variation EEG source reconstruction},
  author={López, J. D. and Espinosa, J. J. and Giraldo, E.},
  year={2016},
  journal={Engineering Applications of Artificial Intelligence},
  volume={55},
  pages={176--182},
  doi={10.1016/j.engappai.2016.06.012}
}
@article{kukleta2014,
  title={Fractional Delay Time Embedding of EEG Signals into High Dimensional Phase Space},
  author={Kukleta, M. and Balaguer-Ballester, E. and Ruiz-Vargas, A. and Mañas, S. and Casado, P. and Jiménez-Ortega, L. and Paiva, T. O. and Martín-Loeches, M.},
  year={2014},
  journal={Electronics and Electrical Engineering},
  volume={20},
  number={8},
  pages={65--68},
  doi={10.5755/j01.eee.20.8.8441}
}

% Memory Characterization in Neural Dynamics
@article{tamir2021,
  title={Mathematical analysis and modeling of fractional order human brain information dynamics including the major effect on sensory memory},
  author={Tamir, D. and Kandel, A.},
  year={2024},
  journal={Cogent Engineering},
  volume={11},
  number={1},
  doi={10.1080/23311916.2023.2301161}
}
@article{sokunbi2014,
  title={Interacting Memory Systems—Does EEG Alpha Activity Respond to Semantic Long-Term Memory Access in a Working Memory Task?},
  author={Sokunbi, M. O. and Gradin, V. B. and Waiter, G. D. and Cameron, G. G. and Ahearn, T. S. and Murray, A. D. and Steele, D. J. and Staff, R. T.},
  year={2014},
  journal={Biology},
  volume={4},
  number={1},
  pages={1--15},
  doi={10.3390/biology4010001}
}
@article{johannesen2016,
  title={Machine learning identification of EEG features predicting working memory performance in schizophrenia and healthy adults},
  author={Johannesen, J. K. and Bi, J. and Jiang, R. and Kenney, J. G. and Chen, C. M.},
  year={2016},
  journal={Neuropsychiatric Electrophysiology},
  volume={2},
  pages={3},
  doi={10.1186/s40810-016-0017-0}
}
@article{chen2017,
  title={Signal Complexity of Human Intracranial EEG Tracks Successful Associative-Memory Formation across Individuals},
  author={Chen, W. and Wang, S. and Zhang, X. and Yao, L. and Xue, G.},
  year={2017},
  journal={eNeuro},
  volume={4},
  number={4},
  doi={10.1523/ENEURO.0045-17.2017}
}
@article{dimitriadis2021,
  title={Identifying Individuals With Mild Cognitive Impairment Using Working Memory-Induced Intra-Subject Variability of Resting-State EEGs},
  author={Dimitriadis, S. I. and Routley, B. and Linden, D. E. and Singh, K. D.},
  year={2021},
  journal={Frontiers in Aging Neuroscience},
  volume={13},
  pages={700581},
  doi={10.3389/fnagi.2021.700581}
}

% Feature Extraction for Non-Stationary EEG
@article{zhang2024,
  title={Data Uncertainty (DU)-Former: An Episodic Memory Electroencephalography Classification Model for Pre- and Post-Training Assessment},
  author={Zhang, L. and Wang, Y. and Chen, X. and Liu, J.},
  year={2025},
  journal={Bioengineering},
  volume={12},
  number={4},
  pages={359},
  doi={10.3390/bioengineering12040359}
}
@article{ma2024,
  title={Exploring Convolutional Neural Network Architectures for EEG Feature Extraction},
  author={Ma, T. and Li, H. and Yang, H. and Lv, X. and Li, P. and Liu, T. and Yao, D. and Xu, P.},
  year={2024},
  journal={Sensors},
  volume={24},
  number={3},
  pages={877},
  doi={10.3390/s24030877}
}
@article{li2021,
  title={Complex networks and deep learning for EEG signal analysis},
  author={Li, Y. and Liu, Y. and Cui, W. G. and Guo, Y. Z. and Huang, H. and Hu, Z. Y.},
  year={2021},
  journal={Cognitive Neurodynamics},
  volume={15},
  number={3},
  pages={369--388},
  doi={10.1007/s11571-020-09626-1}
}
@article{khan2023,
  title={Harnessing Creative Methods for EEG Feature Extraction and Modeling in Neurological Disorder Diagnoses},
  author={Khan, A. A. and Laghari, A. A. and Awan, S. A. and Jumani, A. K. and Nawaz, A.},
  year={2023},
  journal={IEEE Access},
  volume={11},
  pages={22082--22097},
  doi={10.1109/ACCESS.2023.3252358}
}
@article{tang2020,
  title={An Improved Composite Multiscale Fuzzy Entropy for Feature Extraction of MI-EEG},
  author={Tang, X. and Zhang, X. and Xu, X. and Liu, H.},
  year={2020},
  journal={IEEE Access},
  volume={8},
  pages={188118--188129},
  doi={10.1109/ACCESS.2020.3031233}
}

% EEG State Space Models
@article{sezer2025,
  title={PHASE SPACE RECONSTRUCTION FOR BRAIN STATE CLASSIFICATION BY EEG SIGNALS},
  author={Sezer, A.},
  year={2025},
  journal={Information Technologies and Mathematical Modelling},
  url={https://journals.nmetau.edu.ua/index.php/itmm/article/view/2125}
}
@article{liu2024,
  title={EEG-SSM: Leveraging State-Space Model for Dementia Detection},
  author={Liu, W. and Qiu, J. L. and Zheng, W. L. and Lu, B. L.},
  year={2024},
  journal={arXiv preprint arXiv:2407.17801},
  url={https://arxiv.org/abs/2407.17801}
}
@article{wen2022,
  title={A latent state space model for estimating brain dynamics from electroencephalogram (EEG) data},
  author={Wen, H. and Liu, Z.},
  year={2022},
  journal={NeuroImage},
  volume={258},
  pages={119373},
  doi={10.1016/j.neuroimage.2022.119373}
}
@article{van2021,
  title={Granger Causality Inference in EEG Source Connectivity Analysis: A State-Space Approach},
  author={van Mierlo, P. and Höller, Y. and Focke, N. K. and Vulliémoz, S.},
  year={2021},
  journal={IEEE Transactions on Biomedical Engineering},
  volume={68},
  number={4},
  pages={1122--1131},
  doi={10.1109/TBME.2020.3021623}
}
@article{babadi2014,
  title={A review of multitaper spectral analysis},
  author={Babadi, B. and Brown, E. N.},
  year={2014},
  journal={IEEE Transactions on Biomedical Engineering},
  volume={61},
  number={5},
  pages={1555--1564},
  doi={10.1109/TBME.2014.2316171}
}

